BCI in general
@article{Wolpaw2002,
  title     = {{{B}rain-computer interfaces for communication and control}},
  author    = {Wolpaw, J. R.  and Birbaumer, N.  and McFarland, D. J.  and Pfurtscheller, G.  and Vaughan, T. M.},
  year      = 2002,
  month     = {Jun},
  journal   = {Clin Neurophysiol},
  volume    = 113,
  number    = 6,
  pages     = {767--791},
  doi       = {10.1016/s1388-2457(02)00057-3}
}
@article{Abiri2019,
  title     = {{{A} comprehensive review of {E}{E}{G}-based brain-computer interface paradigms}},
  author    = {Abiri, R.  and Borhani, S.  and Sellers, E. W.  and Jiang, Y.  and Zhao, X.},
  year      = 2019,
  month     = {Feb},
  journal   = {J Neural Eng},
  volume    = 16,
  number    = 1,
  pages     = {011001},
  doi       = {10.1088/1741-2552/aaf12e}
}
@article{Blankertz2010review,
  title     = {{{T}he {B}erlin {B}rain-{C}omputer {I}nterface: {N}on-{M}edical {U}ses of {B}{C}{I} {T}echnology}},
  author    = {Blankertz, B.  and Tangermann, M.  and Vidaurre, C.  and Fazli, S.  and Sannelli, C.  and Haufe, S.  and Maeder, C.  and Ramsey, L.  and Sturm, I.  and Curio, G.  and Müller, K. R.},
  year      = 2010,
  journal   = {Front Neurosci},
  volume    = 4,
  pages     = 198,
  doi       = {10.3389/fnins.2010.00198}
}
@article{Blankertz2016,
  title     = {{{T}he {B}erlin {B}rain-{C}omputer {I}nterface: {P}rogress {B}eyond {C}ommunication and {C}ontrol}},
  author    = {Blankertz, B.  and Acqualagna, L.  and Dähne, S.  and Haufe, S.  and Schultze-Kraft, M.  and Sturm, I.  and Ušćumlic, M.  and Wenzel, M. A.  and Curio, G.  and Müller, K. R.},
  year      = 2016,
  journal   = {Front Neurosci},
  volume    = 10,
  pages     = 530,
  doi       = {10.3389/fnins.2016.00530}
}
@article{Chaudhary2016,
  title     = {{{B}rain-computer interfaces for communication and rehabilitation}},
  author    = {Chaudhary, U.  and Birbaumer, N.  and Ramos-Murguialday, A.},
  year      = 2016,
  month     = {Sep},
  journal   = {Nat Rev Neurol},
  volume    = 12,
  number    = 9,
  pages     = {513--525},
  doi       = {10.1038/nrneurol.2016.113}
}
@article{Leeb2007,
  title     = {{{S}elf-paced (asynchronous) {B}{C}{I} control of a wheelchair in virtual environments: a case study with a tetraplegic}},
  author    = {Leeb, R.  and Friedman, D.  and Müller-Putz, G. R.  and Scherer, R.  and Slater, M.  and Pfurtscheller, G.},
  year      = 2007,
  journal   = {Comput Intell Neurosci},
  volume    = 2007,
  pages     = 79642,
  doi       = {10.1155/2007/79642}
}
@article{YuanHe2014,
  title     = {{{B}rain-computer interfaces using sensorimotor rhythms: current state and future perspectives}},
  author    = {Yuan, H.  and He, B.},
  year      = 2014,
  month     = {May},
  journal   = {IEEE Trans Biomed Eng},
  volume    = 61,
  number    = 5,
  pages     = {1425--1435},
  doi       = {10.1109/TBME.2014.2312397}
}
@incollection{Scherer2018,
  title     = {Motor imagery based brain--computer interfaces},
  author    = {Scherer, Reinhold and Vidaurre, Carmen},
  year      = 2018,
  booktitle = {Smart Wheelchairs and Brain-Computer Interfaces},
  publisher = {Elsevier},
  pages     = {171--195},
  doi       = {10.1016/B978-0-12-812892-3.00008-X}
}
BCI illiteracy
@incollection{AllisonNeuper2010,
  title     = {Could Anyone Use a {B}{C}{I}?},
  author    = {Allison, Brendan Z. and Neuper, Christa},
  year      = 2010,
  booktitle = {Brain-Computer Interfaces: Applying our Minds to Human-Computer Interaction},
  publisher = {Springer London},
  address   = {London},
  pages     = {35--54},
  doi       = {10.1007/978-1-84996-272-8_3},
  isbn      = {978-1-84996-272-8},
  editor    = {Tan, Desney S. and Nijholt, Anton}
}
Predictors of performance
@article{Blankertz2010,
  title     = {Neurophysiological predictor of {SMR}-based {BCI} performance},
  author    = {Benjamin Blankertz and Claudia Sannelli and Sebastian Halder and Eva M. Hammer and Andrea Kübler and Klaus-Robert Müller and Gabriel Curio and Thorsten Dickhaus},
  year      = 2010,
  journal   = {NeuroImage},
  volume    = 51,
  number    = 4,
  pages     = {1303--1309},
  doi       = {10.1016/j.neuroimage.2010.03.022},
  issn      = {1053-8119},
  keywords  = {Brain–computer interface (BCI), Sensory motor rhythms (SMRs), Event-related desynchronization (ERD), Neurophysiological predictor, BCI illiteracy}
}
@article{Hammer2012,
  title     = {Psychological predictors of {SMR-BCI} performance},
  author    = {Hammer, Eva Maria and Halder, Sebastian and Blankertz, Benjamin and Sannelli, Claudia and Dickhaus, Thorsten and Kleih, Sonja and Müller, Klaus-Robert and Kübler, Andrea},
  year      = 2012,
  journal   = {Biol. Psychol.},
  publisher = {Elsevier BV},
  volume    = 89,
  number    = 1,
  pages     = {80--86},
  doi       = {10.1016/j.biopsycho.2011.09.006}
}
@article{Jeunet2015,
  title     = {Predicting Mental Imagery-Based {B}{C}{I} Performance from Personality, Cognitive Profile and Neurophysiological Patterns},
  author    = {Jeunet, Camille AND N’Kaoua, Bernard AND Subramanian, Sriram AND Hachet, Martin AND Lotte, Fabien},
  year      = 2015,
  month     = 12,
  journal   = {PLOS ONE},
  publisher = {Public Library of Science},
  volume    = 10,
  number    = 12,
  pages     = {1--21},
  doi       = {10.1371/journal.pone.0143962}
}
@article{Samek2016,
  title     = {Multiscale temporal neural dynamics predict performance in a complex sensorimotor task},
  author    = {Wojciech Samek and Duncan A.J. Blythe and Gabriel Curio and Klaus-Robert Müller and Benjamin Blankertz and Vadim V. Nikulin},
  year      = 2016,
  journal   = {NeuroImage},
  volume    = 141,
  pages     = {291--303},
  doi       = {10.1016/j.neuroimage.2016.06.056},
  issn      = {1053-8119}
}
@article{Sugata2014,
  title     = {{{A}lpha band functional connectivity correlates with the performance of brain-machine interfaces to decode real and imagined movements}},
  author    = {Sugata, H.  and Hirata, M.  and Yanagisawa, T.  and Shayne, M.  and Matsushita, K.  and Goto, T.  and Yorifuji, S.  and Yoshimine, T.},
  year      = 2014,
  journal   = {Front Hum Neurosci},
  volume    = 8,
  pages     = 620,
  doi       = {10.3389/fnhum.2014.00620}
}
@article{Sannelli2019,
  title     = {{{A} large scale screening study with a {S}{M}{R}-based {B}{C}{I}: {C}ategorization of {B}{C}{I} users and differences in their {S}{M}{R} activity}},
  author    = {Sannelli, C.  and Vidaurre, C.  and Müller, K. R.  and Blankertz, B.},
  year      = 2019,
  journal   = {PLoS One},
  volume    = 14,
  number    = 1,
  pages     = {e0207351},
  doi       = {10.1371/journal.pone.0207351}
}
@article{Vidaurre2020,
  title     = {Sensorimotor Functional Connectivity: A Neurophysiological Factor Related to {BCI} Performance},
  author    = {Vidaurre, Carmen and Haufe, Stefan and Jorajuría, Tania and Müller, Klaus-Robert and Nikulin, Vadim V.},
  year      = 2020,
  journal   = {Frontiers in Neuroscience},
  volume    = 14,
  doi       = {10.3389/fnins.2020.575081},
  issn      = {1662-453X}
}
@article{Leeuwis2021,
  title     = {{{F}unctional {C}onnectivity {A}nalysis in {M}otor-{I}magery {B}rain {C}omputer {I}nterfaces}},
  author    = {Leeuwis, N.  and Yoon, S.  and Alimardani, M.},
  year      = 2021,
  journal   = {Front Hum Neurosci},
  volume    = 15,
  pages     = 732946,
  doi       = {10.3389/fnhum.2021.732946}
}
@article{Corsi2020,
  title     = {{{F}unctional disconnection of associative cortical areas predicts performance during {B}{C}{I} training}},
  author    = {Corsi, M. C.  and Chavez, M.  and Schwartz, D.  and George, N.  and Hugueville, L.  and Kahn, A. E.  and Dupont, S.  and Bassett, D. S.  and De Vico Fallani, F.},
  year      = 2020,
  month     = {Apr},
  journal   = {Neuroimage},
  volume    = 209,
  pages     = 116500,
  doi       = {10.1016/j.neuroimage.2019.116500}
}
@article{Acqualagna2016,
  title     = {Large-scale assessment of a fully automatic co-adaptive motor imagery-based brain computer interface},
  author    = {Acqualagna, Laura and Botrel, Loic and Vidaurre, Carmen and Kübler, Andrea and Blankertz, Benjamin},
  year      = 2016,
  journal   = {PloS one},
  publisher = {Public Library of Science San Francisco, CA USA},
  volume    = 11,
  number    = 2,
  pages     = {e0148886},
  doi       = {10.1371/journal.pone.0148886}
}
@article{Ahn2013,
  title     = {{{H}igh theta and low alpha powers may be indicative of {B}{C}{I}-illiteracy in motor imagery}},
  author    = {Ahn, M.  and Cho, H.  and Ahn, S.  and Jun, S. C.},
  year      = 2013,
  journal   = {PLoS One},
  volume    = 8,
  number    = 11,
  pages     = {e80886},
  doi       = {10.1371/journal.pone.0080886}
}
@article{Zhang2015,
  title     = {{{P}redicting {I}nter-session {P}erformance of {S}{M}{R}-{B}ased {B}rain-{C}omputer {I}nterface {U}sing the {S}pectral {E}ntropy of {R}esting-{S}tate {E}{E}{G}}},
  author    = {Zhang, R.  and Xu, P.  and Chen, R.  and Li, F.  and Guo, L.  and Li, P.  and Zhang, T.  and Yao, D.},
  year      = 2015,
  month     = {Sep},
  journal   = {Brain Topogr},
  volume    = 28,
  number    = 5,
  pages     = {680--690},
  doi       = {10.1007/s10548-015-0429-3}
}
@article{Maeder2012,
  title     = {Pre-Stimulus Sensorimotor Rhythms Influence Brain–Computer Interface Classification Performance},
  author    = {Maeder, Cecilia L. and Sannelli, Claudia and Haufe, Stefan and Blankertz, Benjamin},
  year      = 2012,
  journal   = {IEEE Transactions on Neural Systems and Rehabilitation Engineering},
  volume    = 20,
  number    = 5,
  pages     = {653--662},
  doi       = {10.1109/TNSRE.2012.2205707}
}
@article{Jorajuria2023,
  title={{MEAN}\textsubscript{SP}: {H}ow {M}any {C}hannels {A}re {N}eeded to {P}redict the {P}erformance of a {SMR}-{B}ased {BCI}?},
  author={Jorajur{\'\i}a, Tania and Nikulin, Vadim V and Kapralov, Nikolai and G{\'o}mez, Marisol and Vidaurre, Carmen},
  journal={IEEE Transactions on Neural Systems and Rehabilitation Engineering},
  year={2023},
  volume={31},
  number={},
  pages={4931-4941},
  doi={10.1109/TNSRE.2023.3339612},
  publisher={IEEE}
}
Motor Imagery fMRI
@article{Solodkin2004,
  title     = {{{F}ine modulation in network activation during motor execution and motor imagery}},
  author    = {Solodkin, A.  and Hlustik, P.  and Chen, E. E.  and Small, S. L.},
  year      = 2004,
  month     = {Nov},
  journal   = {Cereb Cortex},
  volume    = 14,
  number    = 11,
  pages     = {1246--1255},
  doi       = {10.1093/cercor/bhh086}
}
@article{Halder2011,
  title     = {{{N}eural mechanisms of brain-computer interface control}},
  author    = {Halder, S.  and Agorastos, D.  and Veit, R.  and Hammer, E. M.  and Lee, S.  and Varkuti, B.  and Bogdan, M.  and Rosenstiel, W.  and Birbaumer, N.  and Kübler, A.},
  year      = 2011,
  month     = {Apr},
  journal   = {Neuroimage},
  volume    = 55,
  number    = 4,
  pages     = {1779--1790},
  doi       = {10.1016/j.neuroimage.2011.01.021}
}
@article{Hardwick2018,
  title     = {{{N}eural correlates of action: {C}omparing meta-analyses of imagery, observation, and execution}},
  author    = {Hardwick, R. M.  and Caspers, S.  and Eickhoff, S. B.  and Swinnen, S. P.},
  year      = 2018,
  month     = {Nov},
  journal   = {Neurosci Biobehav Rev},
  volume    = 94,
  pages     = {31--44},
  doi       = {10.1016/j.neubiorev.2018.08.003}
}
Connectivity challenges
@article{Bastos2016,
  title     = {{{A} {T}utorial {R}eview of {F}unctional {C}onnectivity {A}nalysis {M}ethods and {T}heir {I}nterpretational {P}itfalls}},
  author    = {Bastos, A. M.  and Schoffelen, J. M.},
  year      = 2015,
  journal   = {Front Syst Neurosci},
  volume    = 9,
  pages     = 175,
  doi       = {10.3389/fnsys.2015.00175}
}
@article{SchoffelenGross2009,
  title     = {{{S}ource connectivity analysis with {M}{E}{G} and {E}{E}{G}}},
  author    = {Schoffelen, J. M.  and Gross, J.},
  year      = 2009,
  month     = {Jun},
  journal   = {Hum Brain Mapp},
  volume    = 30,
  number    = 6,
  pages     = {1857--1865},
  doi       = {10.1002/hbm.20745}
}
Connectivity benchmarks
@article{Pellegrini2023,
  title     = {{{I}dentifying good practices for detecting inter-regional linear functional connectivity from {E}{E}{G}}},
  author    = {Pellegrini, F.  and Delorme, A.  and Nikulin, V.  and Haufe, S.},
  year      = 2023,
  month     = {Jun},
  journal   = {Neuroimage},
  volume    = 277,
  pages     = 120218,
  doi       = {10.1016/j.neuroimage.2023.120218}
}
@article{Mahjoory2017,
  title     = {Consistency of {EEG} source localization and connectivity estimates},
  author    = {Keyvan Mahjoory and Vadim V. Nikulin and Loïc Botrel and Klaus Linkenkaer-Hansen and Marco M. Fato and Stefan Haufe},
  year      = 2017,
  journal   = {NeuroImage},
  volume    = 152,
  pages     = {590--601},
  doi       = {10.1016/j.neuroimage.2017.02.076},
  issn      = {1053-8119},
  keywords  = {Electroencephalography (EEG), Source localization, Functional/effective connectivity, Forward/inverse modeling, Consistency, Reproducibility}
}
Multiverse Analysis
@article{Steegen2016,
  title     = {Increasing Transparency Through a Multiverse Analysis},
  author    = {Sara Steegen and Francis Tuerlinckx and Andrew Gelman and Wolf Vanpaemel},
  year      = 2016,
  journal   = {Perspectives on Psychological Science},
  volume    = 11,
  number    = 5,
  pages     = {702--712},
  doi       = {10.1177/1745691616658637}
}
@article{FeuerriegelBode2022,
  title     = {{Bring a map when exploring the {ERP} data processing multiverse: {A} commentary on {C}layson et al. 2021}},
  author    = {Feuerriegel, D.  and Bode, S.},
  year      = 2022,
  journal   = {Neuroimage},
  volume    = 259,
  pages     = 119443,
  doi       = {10.1016/j.neuroimage.2022.119443}
}
BCI MI Dataset
@article{Stieger2021_dataset,
  title     = {{{C}ontinuous sensorimotor rhythm based brain computer interface learning in a large population}},
  author    = {Stieger, J. R.  and Engel, S. A.  and He, B.},
  year      = 2021,
  journal   = {Sci Data},
  volume    = 8,
  number    = 1,
  pages     = 98,
  doi       = {10.1038/s41597-021-00883-1}
}
@article{Stieger2020_analysis,
  title     = {{Mindfulness Improves Brain–Computer Interface Performance by Increasing Control Over Neural Activity in the Alpha Band}},
  author    = {Stieger, James R and Engel, Stephen and Jiang, Haiteng and Cline, Christopher C and Kreitzer, Mary Jo and He, Bin},
  year      = 2020,
  journal   = {Cerebral Cortex},
  volume    = 31,
  number    = 1,
  pages     = {426--438},
  doi       = {10.1093/cercor/bhaa234},
  issn      = {1047-3211}
}
BCI2000
@article{BCI2000_Schalk2004,
  title     = {{{B}{C}{I}2000: a general-purpose brain-computer interface ({B}{C}{I}) system}},
  author    = {Schalk, G.  and McFarland, D. J.  and Hinterberger, T.  and Birbaumer, N.  and Wolpaw, J. R.},
  year      = 2004,
  journal   = {IEEE Trans Biomed Eng},
  volume    = 51,
  number    = 6,
  pages     = {1034--1043},
  doi       = {10.1109/TBME.2004.827072}
}
New York Head
@article{Huang2016NYHead,
  title     = {The {N}ew {Y}ork {H}ead—{A} precise standardized volume conductor model for {EEG} source localization and t{ES} targeting},
  author    = {Yu Huang and Lucas C. Parra and Stefan Haufe},
  year      = 2016,
  journal   = {NeuroImage},
  volume    = 140,
  pages     = {150--162},
  doi       = {10.1016/j.neuroimage.2015.12.019},
  issn      = {1053-8119}
}
@article{Fonov2011,
  title     = {{{U}nbiased average age-appropriate atlases for pediatric studies}},
  author    = {Fonov, V.  and Evans, A. C.  and Botteron, K.  and Almli, C. R.  and McKinstry, R. C.  and Collins, D. L.  and Ball, W. S.  and Byars, A. W.  and Schapiro, M.  and Bommer, W.  and Carr, A.  and German, A.  and Dunn, S.  and Rivkin, M. J.  and Waber, D.  and Mulkern, R.  and Vajapeyam, S.  and Chiverton, A.  and Davis, P.  and Koo, J.  and Marmor, J.  and Mrakotsky, C.  and Robertson, R.  and McAnulty, G.  and Brandt, M. E.  and Fletcher, J. M.  and Kramer, L. A.  and Yang, G.  and McCormack, C.  and Hebert, K. M.  and Volero, H.  and Botteron, K.  and McKinstry, R. C.  and Warren, W.  and Nishino, T.  and Almli, C. R.  and Todd, R.  and Constantino, J.  and McCracken, J. T.  and Levitt, J.  and Alger, J.  and O'Neil, J.  and Toga, A.  and Asarnow, R.  and Fadale, D.  and Heinichen, L.  and Ireland, C.  and Wang, D. J.  and Moss, E.  and Zimmerman, R. A.  and Bintliff, B.  and Bradford, R.  and Newman, J.  and Evans, A. C.  and Arnaoutelis, R.  and Pike, G. B.  and Collins, D. L.  and Leonard, G.  and Paus, T.  and Zijdenbos, A.  and Das, S.  and Fonov, V.  and Fu, L.  and Harlap, J.  and Leppert, I.  and Milovan, D.  and Vins, D.  and Zeffiro, T.  and Van Meter, J.  and Lange, N.  and Froimowitz, M. P.  and Botteron, K.  and Almli, C. R.  and Rainey, C.  and Henderson, S.  and Nishino, T.  and Warren, W.  and Edwards, J. L.  and Dubois, D.  and Smith, K.  and Singer, T.  and Wilber, A. A.  and Pierpaoli, C.  and Basser, P. J.  and Chang, L. C.  and Koay, C. G.  and Walker, L.  and Freund, L.  and Rumsey, J.  and Baskir, L.  and Stanford, L.  and Sirocco, K.  and Gwinn-Hardy, K.  and Spinella, G.  and McCracken, J. T.  and Alger, J. R.  and Levitt, J.  and O'Neill, J.},
  year      = 2011,
  month     = {Jan},
  journal   = {Neuroimage},
  volume    = 54,
  number    = 1,
  pages     = {313--327},
  doi       = {10.1016/j.neuroimage.2010.07.033}
}
@article{Fonov2009,
  title     = {Unbiased nonlinear average age-appropriate brain templates from birth to adulthood},
  author    = {VS Fonov and AC Evans and RC McKinstry and CR Almli and DL Collins},
  year      = 2009,
  journal   = {NeuroImage},
  volume    = 47,
  pages     = {S102},
  doi       = {https://doi.org/10.1016/S1053-8119(09)70884-5},
  issn      = {1053-8119}
}
Harvard-Oxford Atlas
@article{Frazier2005HOA,
  title     = {{{S}tructural brain magnetic resonance imaging of limbic and thalamic volumes in pediatric bipolar disorder}},
  author    = {Frazier, J. A.  and Chiu, S.  and Breeze, J. L.  and Makris, N.  and Lange, N.  and Kennedy, D. N.  and Herbert, M. R.  and Bent, E. K.  and Koneru, V. K.  and Dieterich, M. E.  and Hodge, S. M.  and Rauch, S. L.  and Grant, P. E.  and Cohen, B. M.  and Seidman, L. J.  and Caviness, V. S.  and Biederman, J.},
  year      = 2005,
  month     = {Jul},
  journal   = {Am J Psychiatry},
  volume    = 162,
  number    = 7,
  pages     = {1256--1265},
  doi       = {10.1176/appi.ajp.162.7.1256}
}
@article{Desikan2006HOA,
  title     = {{{A}n automated labeling system for subdividing the human cerebral cortex on {M}{R}{I} scans into gyral based regions of interest}},
  author    = {Desikan, R. S.  and Ségonne, F.  and Fischl, B.  and Quinn, B. T.  and Dickerson, B. C.  and Blacker, D.  and Buckner, R. L.  and Dale, A. M.  and Maguire, R. P.  and Hyman, B. T.  and Albert, M. S.  and Killiany, R. J.},
  year      = 2006,
  month     = {Jul},
  journal   = {Neuroimage},
  volume    = 31,
  number    = 3,
  pages     = {968--980},
  doi       = {10.1016/j.neuroimage.2006.01.021}
}
@article{Makris2006HOA,
  title     = {{{D}ecreased volume of left and total anterior insular lobule in schizophrenia}},
  author    = {Makris, N.  and Goldstein, J. M.  and Kennedy, D.  and Hodge, S. M.  and Caviness, V. S.  and Faraone, S. V.  and Tsuang, M. T.  and Seidman, L. J.},
  year      = 2006,
  month     = {Apr},
  journal   = {Schizophr Res},
  volume    = 83,
  number    = {2-3},
  pages     = {155--171},
  doi       = {10.1016/j.schres.2005.11.020}
}
@article{Goldstein2007HOA,
  title     = {{{H}ypothalamic abnormalities in schizophrenia: sex effects and genetic vulnerability}},
  author    = {Goldstein, J. M.  and Seidman, L. J.  and Makris, N.  and Ahern, T.  and O'Brien, L. M.  and Caviness, V. S.  and Kennedy, D. N.  and Faraone, S. V.  and Tsuang, M. T.},
  year      = 2007,
  month     = {Apr},
  journal   = {Biol Psychiatry},
  volume    = 61,
  number    = 8,
  pages     = {935--945},
  doi       = {10.1016/j.biopsych.2006.06.027}
}
FSL
@article{Jenkinson2012FSL,
  title     = {{{F}{S}{L}}},
  author    = {Jenkinson, M.  and Beckmann, C. F.  and Behrens, T. E.  and Woolrich, M. W.  and Smith, S. M.},
  year      = 2012,
  month     = {Aug},
  journal   = {Neuroimage},
  volume    = 62,
  number    = 2,
  pages     = {782--790},
  doi       = {10.1016/j.neuroimage.2011.09.015}
}
Inverse methods
@article{eLORETA_PascualMarqui2007,
  title     = {Discrete, 3{D} distributed, linear imaging methods of electric neuronal activity. {P}art 1: exact, zero error localization.},
  author    = {Pascual-Marqui, Roberto D.},
  year      = 2007,
  publisher = {arXiv},
  doi       = {10.48550/ARXIV.0710.3341}
}
@article{LCMV_VanVeen1997,
  title     = {Localization of brain electrical activity via linearly constrained minimum variance spatial filtering},
  author    = {Van Veen, B.D. and Van Drongelen, W. and Yuchtman, M. and Suzuki, A.},
  year      = 1997,
  journal   = {IEEE Transactions on Biomedical Engineering},
  volume    = 44,
  number    = 9,
  pages     = {867--880},
  doi       = {10.1109/10.623056}
}
@article{DICS_Gross2001,
  title     = {{{D}ynamic imaging of coherent sources: {S}tudying neural interactions in the human brain}},
  author    = {Gross, J.  and Kujala, J.  and Hamalainen, M.  and Timmermann, L.  and Schnitzler, A.  and Salmelin, R.},
  year      = 2001,
  month     = {Jan},
  journal   = {Proc Natl Acad Sci U S A},
  volume    = 98,
  number    = 2,
  pages     = {694--699},
  doi       = {10.1073/pnas.98.2.694}
}
FOOOF
@article{FOOOF_Donoghue2020,
  title     = {{{P}arameterizing neural power spectra into periodic and aperiodic components}},
  author    = {Donoghue, T.  and Haller, M.  and Peterson, E. J.  and Varma, P.  and Sebastian, P.  and Gao, R.  and Noto, T.  and Lara, A. H.  and Wallis, J. D.  and Knight, R. T.  and Shestyuk, A.  and Voytek, B.},
  year      = 2020,
  journal   = {Nat Neurosci},
  volume    = 23,
  number    = 12,
  pages     = {1655--1665},
  doi       = {10.1038/s41593-020-00744-x}
}
CSP
@article{Koles1990,
  title     = {{{S}patial patterns underlying population differences in the background {E}{E}{G}}},
  author    = {Koles, Z. J.  and Lazar, M. S.  and Zhou, S. Z.},
  year      = 1990,
  journal   = {Brain Topogr},
  volume    = 2,
  number    = 4,
  pages     = {275--284},
  doi       = {10.1007/BF01129656}
}
@article{Ramoser2000,
  title     = {{{O}ptimal spatial filtering of single trial {E}{E}{G} during imagined hand movement}},
  author    = {Ramoser, H.  and Müller-Gerking, J.  and Pfurtscheller, G.},
  year      = 2000,
  month     = {Dec},
  journal   = {IEEE Trans Rehabil Eng},
  volume    = 8,
  number    = 4,
  pages     = {441--446},
  doi       = {10.1109/86.895946}
}
Communication through Coherence
@article{Engel2013,
  title     = {{{I}ntrinsic coupling modes: multiscale interactions in ongoing brain activity}},
  author    = {Engel, A. K.  and Gerloff, C.  and Hilgetag, C. C.  and Nolte, G.},
  year      = 2013,
  month     = {Nov},
  journal   = {Neuron},
  volume    = 80,
  number    = 4,
  pages     = {867--886},
  doi       = {10.1016/j.neuron.2013.09.038}
}
@article{PalvaPalva2007,
  title     = {{{N}ew vistas for alpha-frequency band oscillations}},
  author    = {Palva, S.  and Palva, J. M.},
  year      = 2007,
  month     = {Apr},
  journal   = {Trends Neurosci},
  volume    = 30,
  number    = 4,
  pages     = {150--158},
  doi       = {10.1016/j.tins.2007.02.001}
}
@article{Fries2005,
  title     = {{{A} mechanism for cognitive dynamics: neuronal communication through neuronal coherence}},
  author    = {Fries, P.},
  year      = 2005,
  month     = {Oct},
  journal   = {Trends Cogn Sci},
  volume    = 9,
  number    = 10,
  pages     = {474--480},
  doi       = {10.1016/j.tics.2005.08.011}
}
@article{Engel2001,
  title     = {{{D}ynamic predictions: oscillations and synchrony in top-down processing}},
  author    = {Engel, A. K.  and Fries, P.  and Singer, W.},
  year      = 2001,
  month     = {Oct},
  journal   = {Nat Rev Neurosci},
  volume    = 2,
  number    = 10,
  pages     = {704--716},
  doi       = {10.1038/35094565}
}
Extraction of ROI Time Series
@article{Rubega2019,
  title     = {{{E}stimating {E}{E}{G} {S}ource {D}ipole {O}rientation {B}ased on {S}ingular-value {D}ecomposition for {C}onnectivity {A}nalysis}},
  author    = {Rubega, M.  and Carboni, M.  and Seeber, M.  and Pascucci, D.  and Tourbier, S.  and Toscano, G.  and Van Mierlo, P.  and Hagmann, P.  and Plomp, G.  and Vulliemoz, S.  and Michel, C. M.},
  year      = 2019,
  month     = {Jul},
  journal   = {Brain Topogr},
  volume    = 32,
  number    = 4,
  pages     = {704--719},
  doi       = {10.1007/s10548-018-0691-2}
}
@article{Babiloni2005,
  title     = {{{E}stimation of the cortical functional connectivity with the multimodal integration of high-resolution {E}{E}{G} and f{M}{R}{I} data by directed transfer function}},
  author    = {Babiloni, F.  and Cincotti, F.  and Babiloni, C.  and Carducci, F.  and Mattia, D.  and Astolfi, L.  and Basilisco, A.  and Rossini, P. M.  and Ding, L.  and Ni, Y.  and Cheng, J.  and Christine, K.  and Sweeney, J.  and He, B.},
  year      = 2005,
  month     = {Jan},
  journal   = {Neuroimage},
  volume    = 24,
  number    = 1,
  pages     = {118--131},
  doi       = {10.1016/j.neuroimage.2004.09.036}
}
@article{Lai2018,
  title     = {{{A} comparison between scalp- and source-reconstructed {E}{E}{G} networks}},
  author    = {Lai, M.  and Demuru, M.  and Hillebrand, A.  and Fraschini, M.},
  year      = 2018,
  month     = {Aug},
  journal   = {Sci Rep},
  volume    = 8,
  number    = 1,
  pages     = 12269,
  doi       = {10.1038/s41598-018-30869-w}
}
@article{Korhonen2014,
  title     = {{{S}parse weightings for collapsing inverse solutions to cortical parcellations optimize {M}/{E}{E}{G} source reconstruction accuracy}},
  author    = {Korhonen, O.  and Palva, S.  and Palva, J. M.},
  year      = 2014,
  month     = {Apr},
  journal   = {J Neurosci Methods},
  volume    = 226,
  pages     = {147--160},
  doi       = {10.1016/j.jneumeth.2014.01.031}
}
Connectivity Metrics
@article{Nolte2004,
  title     = {{{I}dentifying true brain interaction from {E}{E}{G} data using the imaginary part of coherency}},
  author    = {Nolte, G.  and Bai, O.  and Wheaton, L.  and Mari, Z.  and Vorbach, S.  and Hallett, M.},
  year      = 2004,
  journal   = {Clin Neurophysiol},
  volume    = 115,
  number    = 10,
  pages     = {2292--2307},
  doi       = {10.1016/j.clinph.2004.04.029}
}
@article{PascualMarqui2011,
  title     = {{{A}ssessing interactions in the brain with exact low-resolution electromagnetic tomography}},
  author    = {Pascual-Marqui, R. D.  and Lehmann, D.  and Koukkou, M.  and Kochi, K.  and Anderer, P.  and Saletu, B.  and Tanaka, H.  and Hirata, K.  and John, E. R.  and Prichep, L.  and Biscay-Lirio, R.  and Kinoshita, T.},
  year      = 2011,
  month     = {Oct},
  journal   = {Philos Trans A Math Phys Eng Sci},
  volume    = 369,
  number    = 1952,
  pages     = {3768--3784},
  doi       = {10.1098/rsta.2011.0081}
}
@article{Lachaux1999,
  title     = {{{M}easuring phase synchrony in brain signals}},
  author    = {Lachaux, J. P.  and Rodriguez, E.  and Martinerie, J.  and Varela, F. J.},
  year      = 1999,
  journal   = {Hum Brain Mapp},
  volume    = 8,
  number    = 4,
  pages     = {194--208},
  doi       = {https://doi.org/10.1002/(SICI)1097-0193(1999)8:4<194::AID-HBM4>3.0.CO;2-C}
}
Comparison of Connectivity Metrics, FFT vs Hilbert
@article{Nolte2020,
  title     = {{{M}athematical {R}elations {B}etween {M}easures of {B}rain {C}onnectivity {E}stimated {F}rom {E}lectrophysiological {R}ecordings for {G}aussian {D}istributed {D}ata}},
  author    = {Nolte, G.  and Galindo-Leon, E.  and Li, Z.  and Liu, X.  and Engel, A. K.},
  year      = 2020,
  journal   = {Front Neurosci},
  volume    = 14,
  pages     = 577574,
  doi       = {10.3389/fnins.2020.577574}
}
Amplitude envelope correlations
@Article{Brookes2012,
   Author="Brookes, M. J.  and Woolrich, M. W.  and Barnes, G. R. ",
   Title="{{M}easuring functional connectivity in {M}{E}{G}: a multivariate approach insensitive to linear source leakage}",
   Journal="Neuroimage",
   Year="2012",
   Volume="63",
   Number="2",
   Pages="910--920",
   Month="Nov",
  doi = {10.1016/j.neuroimage.2012.03.048}
}
@Article{Hipp2012,
   Author="Hipp, J. F.  and Hawellek, D. J.  and Corbetta, M.  and Siegel, M.  and Engel, A. K. ",
   Title="{{L}arge-scale cortical correlation structure of spontaneous oscillatory activity}",
   Journal="Nat Neurosci",
   Year="2012",
   Volume="15",
   Number="6",
   Pages="884--890",
   Month="Jun",
  doi = {10.1038/nn.3101}
}
Network measures
@Article{RubinovSporns2010,
   Author="Rubinov, M.  and Sporns, O. ",
   Title="{{C}omplex network measures of brain connectivity: uses and interpretations}",
   Journal="Neuroimage",
   Year="2010",
   Volume="52",
   Number="3",
   Pages="1059--1069",
   Month="Sep",
  doi = {10.1016/j.neuroimage.2009.10.003}
}
SNR vs Connectivity
@article{Bayraktaroglu2013,
  title     = {{{I}t is not all about phase: amplitude dynamics in corticomuscular interactions}},
  author    = {Bayraktaroglu, Z.  and von Carlowitz-Ghori, K.  and Curio, G.  and Nikulin, V. V.},
  year      = 2013,
  month     = {Jan},
  journal   = {Neuroimage},
  volume    = 64,
  pages     = {496--504},
  doi       = {10.1016/j.neuroimage.2012.08.069}
}
@article{MuthukumaraswamySingh2011,
  title     = {{{A} cautionary note on the interpretation of phase-locking estimates with concurrent changes in power}},
  author    = {Muthukumaraswamy, S. D.  and Singh, K. D.},
  year      = 2011,
  month     = {Nov},
  journal   = {Clin Neurophysiol},
  volume    = 122,
  number    = 11,
  pages     = {2324--2325},
  doi       = {10.1016/j.clinph.2011.04.003}
}
@article{Schneider2021,
  title     = {{{A} mechanism for inter-areal coherence through communication based on connectivity and oscillatory power}},
  author    = {Schneider, M.  and Broggini, A. C.  and Dann, B.  and Tzanou, A.  and Uran, C.  and Sheshadri, S.  and Scherberger, H.  and Vinck, M.},
  year      = 2021,
  month     = {Dec},
  journal   = {Neuron},
  volume    = 109,
  number    = 24,
  pages     = {4050--4067},
  doi       = {10.1016/j.neuron.2021.09.037}
}
Toolboxes
@article{EEGLAB_Delorme2004,
  title     = {{{E}{E}{G}{L}{A}{B}: an open source toolbox for analysis of single-trial {E}{E}{G} dynamics including independent component analysis}},
  author    = {Delorme, A.  and Makeig, S.},
  year      = 2004,
  journal   = {J Neurosci Methods},
  volume    = 134,
  number    = 1,
  pages     = {9--21},
  doi       = {10.1016/j.jneumeth.2003.10.009}
}
@article{FastICA_Hyvaerinen1999,
  title     = {{{F}ast and robust fixed-point algorithms for independent component analysis}},
  author    = {Hyvärinen, A.},
  year      = 1999,
  journal   = {IEEE Trans Neural Netw},
  volume    = 10,
  number    = 3,
  pages     = {626--634},
  doi       = {10.1109/72.761722}
}
@article{ICLabel_PionTonachini2019,
  title     = {{{I}{C}{L}abel: {A}n automated electroencephalographic independent component classifier, dataset, and website}},
  author    = {Pion-Tonachini, L.  and Kreutz-Delgado, K.  and Makeig, S.},
  year      = 2019,
  journal   = {Neuroimage},
  volume    = 198,
  pages     = {181--197},
  doi       = {10.1016/j.neuroimage.2019.05.026}
}
@article{HaufeEwald2019,
  title     = {{{A} {S}imulation {F}ramework for {B}enchmarking {E}{E}{G}-{B}ased {B}rain {C}onnectivity {E}stimation {M}ethodologies}},
  author    = {Haufe, S.  and Ewald, A.},
  year      = 2019,
  month     = {Jul},
  journal   = {Brain Topogr},
  volume    = 32,
  number    = 4,
  pages     = {625--642},
  doi       = {10.1007/s10548-016-0498-y}
}
@article{MVGC_Barnett2014,
  title     = {{{T}he {M}{V}{G}{C} multivariate {G}ranger causality toolbox: a new approach to {G}ranger-causal inference}},
  author    = {Barnett, L.  and Seth, A. K.},
  year      = 2014,
  month     = {Feb},
  journal   = {J Neurosci Methods},
  volume    = 223,
  pages     = {50--68},
  doi       = {10.1016/j.jneumeth.2013.10.018}
}
@article{Brainstorm_Tadel2011,
  title     = {{{B}rainstorm: a user-friendly application for {M}{E}{G}/{E}{E}{G} analysis}},
  author    = {Tadel, F.  and Baillet, S.  and Mosher, J. C.  and Pantazis, D.  and Leahy, R. M.},
  year      = 2011,
  journal   = {Comput Intell Neurosci},
  volume    = 2011,
  pages     = 879716,
  doi       = {10.1155/2011/879716}
}
R and R packages
@manual{R_Core,
  title     = {R: A Language and Environment for Statistical Computing},
  author    = {{R Core Team}},
  year      = 2022,
  address   = {Vienna, Austria},
  url       = {https://www.R-project.org/},
  organization = {R Foundation for Statistical Computing}
}
@article{R_lme4,
  title     = {Fitting Linear Mixed-Effects Models Using {lme4}},
  author    = {Douglas Bates and Martin Mächler and Ben Bolker and Steve Walker},
  year      = 2015,
  journal   = {Journal of Statistical Software},
  volume    = 67,
  number    = 1,
  pages     = {1--48},
  doi       = {10.18637/jss.v067.i01}
}
@article{R_lmerTest,
  title     = {{lmerTest} Package: Tests in Linear Mixed Effects Models},
  author    = {Alexandra Kuznetsova and Per B. Brockhoff and Rune H. B. Christensen},
  year      = 2017,
  journal   = {Journal of Statistical Software},
  volume    = 82,
  number    = 13,
  pages     = {1--26},
  doi       = {10.18637/jss.v082.i13}
}
@article{Satterthwaite1946,
  title     = {{{A}n approximate distribution of estimates of variance components}},
  author    = {Satterthwaite, F. E.},
  year      = 1946,
  month     = {Dec},
  journal   = {Biometrics},
  volume    = 2,
  number    = 6,
  pages     = {110--114},
  doi       = {10.2307/3002019}
}
ERD/ERS
@article{PfurtschellerLopesDaSilva1999,
  title     = {{{E}vent-related {E}{E}{G}/{M}{E}{G} synchronization and desynchronization: basic principles}},
  author    = {Pfurtscheller, G.  and Lopes da Silva, F. H.},
  year      = 1999,
  month     = {Nov},
  journal   = {Clin Neurophysiol},
  volume    = 110,
  number    = 11,
  pages     = {1842--1857},
  doi       = {10.1016/s1388-2457(99)00141-8}
}
@article{Pfurtscheller1996,
  title     = {{{E}vent-related synchronization ({E}{R}{S}) in the alpha band--an electrophysiological correlate of cortical idling: a review}},
  author    = {Pfurtscheller, G. and Stancak, A. Jr and Neuper, C.},
  year      = 1996,
  month     = {Nov},
  journal   = {Int J Psychophysiol},
  volume    = 24,
  number    = {1-2},
  pages     = {39--46},
  doi       = {10.1016/s0167-8760(96)00066-9}
}
EEG vs fMRI
@article{Ritter2009,
  title     = {{{R}olandic alpha and beta {E}{E}{G} rhythms' strengths are inversely related to f{M}{R}{I}-{B}{O}{L}{D} signal in primary somatosensory and motor cortex}},
  author    = {Ritter, P.  and Moosmann, M.  and Villringer, A.},
  year      = 2009,
  month     = {Apr},
  journal   = {Hum Brain Mapp},
  volume    = 30,
  number    = 4,
  pages     = {1168--1187},
  doi       = {10.1002/hbm.20585}
}
@article{Yuan2010,
  title     = {{{N}egative covariation between task-related responses in alpha/beta-band activity and {B}{O}{L}{D} in human sensorimotor cortex: an {E}{E}{G} and f{M}{R}{I} study of motor imagery and movements}},
  author    = {Yuan, H.  and Liu, T.  and Szarkowski, R.  and Rios, C.  and Ashe, J.  and He, B.},
  year      = 2010,
  month     = {Feb},
  journal   = {Neuroimage},
  volume    = 49,
  number    = 3,
  pages     = {2596--2606},
  doi       = {10.1016/j.neuroimage.2009.10.028}
}
BCI in stroke and Parkinson
@article{Cervera2018,
  title     = {{{B}rain-computer interfaces for post-stroke motor rehabilitation: a meta-analysis}},
  author    = {Cervera, M. A.  and Soekadar, S. R.  and Ushiba, J.  and Millán, J. D. R.  and Liu, M.  and Birbaumer, N.  and Garipelli, G.},
  year      = 2018,
  month     = {May},
  journal   = {Ann Clin Transl Neurol},
  volume    = 5,
  number    = 5,
  pages     = {651--663},
  doi       = {10.1002/acn3.544}
}
@article{Kruse2020,
  title     = {{{E}ffect of brain-computer interface training based on non-invasive electroencephalography using motor imagery on functional recovery after stroke - a systematic review and meta-analysis}},
  author    = {Kruse, A.  and Suica, Z.  and Taeymans, J.  and Schuster-Amft, C.},
  year      = 2020,
  month     = {Oct},
  journal   = {BMC Neurol},
  volume    = 20,
  number    = 1,
  pages     = 385,
  doi       = {10.1186/s12883-020-01960-5}
}
@Article{McFarland2017,
   Author="McFarland, D. J.  and Daly, J.  and Boulay, C.  and Parvaz, M. ",
   Title="{{T}herapeutic {A}pplications of {B}{C}{I} {T}echnologies}",
   Journal="Brain Comput Interfaces (Abingdon)",
   Year="2017",
   Volume="47",
   Number="1-2",
   Pages="37--52",
  doi = {10.1080/2326263x.2017.1307625}
}
@article{Peng2022,
  title     = {{{T}he {A}pplication of {B}rain-{C}omputer {I}nterface in {U}pper {L}imb {D}ysfunction {A}fter {S}troke: {A} {S}ystematic {R}eview and {M}eta-{A}nalysis of {R}andomized {C}ontrolled {T}rials}},
  author    = {Peng, Y.  and Wang, J.  and Liu, Z.  and Zhong, L.  and Wen, X.  and Wang, P.  and Gong, X.  and Liu, H.},
  year      = 2022,
  journal   = {Front Hum Neurosci},
  volume    = 16,
  pages     = 798883,
  doi       = {10.3389/fnhum.2022.798883}
}
BCI and plasticity
@article{Nierhaus2021,
  title     = {{{I}mmediate brain plasticity after one hour of brain-computer interface ({B}{C}{I})}},
  author    = {Nierhaus, T.  and Vidaurre, C.  and Sannelli, C.  and Mueller, K. R.  and Villringer, A.},
  year      = 2021,
  month     = {May},
  journal   = {J Physiol},
  volume    = 599,
  number    = 9,
  pages     = {2435--2451},
  doi       = {10.1113/JP278118}
}
Other
@article{Shih2021,
  title     = {{{A}lpha and beta neural oscillations differentially reflect age-related differences in bilateral coordination}},
  author    = {Shih, P. C.  and Steele, C. J.  and Nikulin, V. V.  and Gundlach, C.  and Kruse, J.  and Villringer, A.  and Sehm, B.},
  year      = 2021,
  month     = {Aug},
  journal   = {Neurobiol Aging},
  volume    = 104,
  pages     = {82--91},
  doi       = {10.1016/j.neurobiolaging.2021.03.016}
}
@article{Nikulin2008,
  title     = {{{Q}uasi-movements: a novel motor-cognitive phenomenon}},
  author    = {Nikulin, V. V.  and Hohlefeld, F. U.  and Jacobs, A. M.  and Curio, G.},
  year      = 2008,
  month     = {Jan},
  journal   = {Neuropsychologia},
  volume    = 46,
  number    = 2,
  pages     = {727--742},
  doi       = {10.1016/j.neuropsychologia.2007.10.008}
}
@article{Tao2021,
  title     = {{{I}nter-stimulus phase coherence in steady-state somatosensory evoked potentials and its application in improving the performance of single-channel {M}{I}-{B}{C}{I}}},
  author    = {Tao, X.  and Yi, W.  and Wang, K.  and He, F.  and Qi, H.},
  year      = 2021,
  month     = {Jun},
  journal   = {J Neural Eng},
  volume    = 18,
  number    = 4,
  doi       = {10.1088/1741-2552/ac0767}
}
@article{Zoefel2011,
  title     = {{{N}eurofeedback training of the upper alpha frequency band in {E}{E}{G} improves cognitive performance}},
  author    = {Zoefel, B.  and Huster, R. J.  and Herrmann, C. S.},
  year      = 2011,
  month     = {Jan},
  journal   = {Neuroimage},
  volume    = 54,
  number    = 2,
  pages     = {1427--1431},
  doi       = {10.1016/j.neuroimage.2010.08.078}
}
@article{Popov2023,
  title     = {{{T}est-retest reliability of resting-state {E}{E}{G} in young and older adults}},
  author    = {Popov, T.  and Tröndle, M.  and Baranczuk-Turska, Z.  and Pfeiffer, C.  and Haufe, S.  and Langer, N.},
  year      = 2023,
  month     = {Jul},
  journal   = {Psychophysiology},
  volume    = 60,
  number    = 7,
  pages     = {e14268},
  doi       = {10.1111/psyp.14268}
}
@article{Chalas2022,
   Author="Chalas, N.  and Daube, C.  and Kluger, D. S.  and Abbasi, O.  and Nitsch, R.  and Gross, J. ",
   Title="{{M}ultivariate analysis of speech envelope tracking reveals coupling beyond auditory cortex}",
   Journal="Neuroimage",
   Year="2022",
   Volume="258",
   Pages="119395",
   Month="Sep",
  doi = {10.1016/j.neuroimage.2022.119395}
}
@article{MOABB2024,
  title     = {The largest {EEG}-based {BCI} reproducibility study for open science: the {MOABB} benchmark.}, 
  author    = {Sylvain Chevallier and Igor Carrara and Bruno Aristimunha and Pierre Guetschel and Sara Sedlar and Bruna Lopes and Sebastien Velut and Salim Khazem and Thomas Moreau},
  year      = 2024,
  publisher = {arXiv},
  doi       = {10.48550/arXiv.2404.15319}  
}
@article{LDA_Friedman1989,
  author = {Jerome H. Friedman},
  title = {Regularized Discriminant Analysis},
  journal = {Journal of the American Statistical Association},
  volume = {84},
  number = {405},
  pages = {165--175},
  year = {1989},
  publisher = {Taylor \& Francis},
  doi = {10.1080/01621459.1989.10478752}
}